@inproceedings{shridhar2020alfred,
  title={Alfred: A benchmark for interpreting grounded instructions for everyday tasks},
  author={Shridhar, Mohit and Thomason, Jesse and Gordon, Daniel and Bisk, Yonatan and Han, Winson and Mottaghi, Roozbeh and Zettlemoyer, Luke and Fox, Dieter},
  booktitle={Proceedings of the IEEE/CVF conference on computer vision and pattern recognition},
  pages={10740--10749},
  year={2020}
}

@article{brockman2016openai,
  title={Openai gym},
  author={Brockman, Greg and Cheung, Vicki and Pettersson, Ludwig and Schneider, Jonas and Schulman, John and Tang, Jie and Zaremba, Wojciech},
  journal={arXiv preprint arXiv:1606.01540},
  year={2016}
}

@article{burda2018large,
  title={Large-scale study of curiosity-driven learning},
  author={Burda, Yuri and Edwards, Harri and Pathak, Deepak and Storkey, Amos and Darrell, Trevor and Efros, Alexei A},
  journal={arXiv preprint arXiv:1808.04355},
  year={2018}
}

@article{schulman2017proximal,
  title={Proximal policy optimization algorithms},
  author={Schulman, John and Wolski, Filip and Dhariwal, Prafulla and Radford, Alec and Klimov, Oleg},
  journal={arXiv preprint arXiv:1707.06347},
  year={2017}
}

@inproceedings{eqa_matterport,
  title={{E}mbodied {Q}uestion {A}nswering in {P}hotorealistic {E}nvironments with {P}oint {C}loud {P}erception},
  author={Erik Wijmans and Samyak Datta and Oleksandr Maksymets and Abhishek Das and Georgia Gkioxari and Stefan Lee and Irfan Essa and Devi Parikh and Dhruv Batra},
  booktitle={Proceedings of the IEEE Conference on Computer Vision and Pattern Recognition (CVPR)},
  year={2019}
}

@article{kipf2016semi,
  title={Semi-supervised classification with graph convolutional networks},
  author={Kipf, Thomas N and Welling, Max},
  journal={arXiv preprint arXiv:1609.02907},
  year={2016}
}


@article{baltruvsaitis2018multimodal,
  title={Multimodal machine learning: A survey and taxonomy},
  author={Baltru{\v{s}}aitis, Tadas and Ahuja, Chaitanya and Morency, Louis-Philippe},
  journal={IEEE transactions on pattern analysis and machine intelligence},
  volume={41},
  number={2},
  pages={423--443},
  year={2018},
  publisher={IEEE}
}

@article{Yu2019MultiTargetEQ,
  title={Multi-Target Embodied Question Answering},
  author={Licheng Yu and Xinlei Chen and Georgia Gkioxari and Mohit Bansal and T. Berg and Dhruv Batra},
  journal={2019 IEEE/CVF Conference on Computer Vision and Pattern Recognition (CVPR)},
  year={2019},
  pages={6302-6311}
}

@article{Das2018EmbodiedQA,
  title={Embodied Question Answering},
  author={Abhishek Das and Samyak Datta and Georgia Gkioxari and Stefan Lee and D. Parikh and Dhruv Batra},
  journal={2018 IEEE/CVF Conference on Computer Vision and Pattern Recognition Workshops (CVPRW)},
  year={2018},
  pages={2135-213509}
}

@inproceedings{nair2018overcoming,
  title={Overcoming exploration in reinforcement learning with demonstrations},
  author={Nair, Ashvin and McGrew, Bob and Andrychowicz, Marcin and Zaremba, Wojciech and Abbeel, Pieter},
  booktitle={2018 IEEE International Conference on Robotics and Automation (ICRA)},
  pages={6292--6299},
  year={2018},
  organization={IEEE}
}

@article{garmulewicz2018expert,
  title={Expert-augmented actor-critic for vizdoom and montezumas revenge},
  author={Garmulewicz, Micha{\l} and Michalewski, Henryk and Mi{\l}o{\'s}, Piotr},
  journal={arXiv preprint arXiv:1809.03447},
  year={2018}
}

@article{rajeswaran2017learning,
  title={Learning complex dexterous manipulation with deep reinforcement learning and demonstrations},
  author={Rajeswaran, Aravind and Kumar, Vikash and Gupta, Abhishek and Vezzani, Giulia and Schulman, John and Todorov, Emanuel and Levine, Sergey},
  journal={arXiv preprint arXiv:1709.10087},
  year={2017}
}

@article{reddy2019sqil,
  title={SQIL: Imitation learning via reinforcement learning with sparse rewards},
  author={Reddy, Siddharth and Dragan, Anca D and Levine, Sergey},
  journal={arXiv preprint arXiv:1905.11108},
  year={2019}
}

@article{mnih2013playing,
  title={Playing atari with deep reinforcement learning},
  author={Mnih, Volodymyr and Kavukcuoglu, Koray and Silver, David and Graves, Alex and Antonoglou, Ioannis and Wierstra, Daan and Riedmiller, Martin},
  journal={arXiv preprint arXiv:1312.5602},
  year={2013}
}

@article{wani2020multion,
  title={MultiON: Benchmarking Semantic Map Memory using Multi-Object Navigation},
  author={Wani, Saim and Patel, Shivansh and Jain, Unnat and Chang, Angel X and Savva, Manolis},
  journal={arXiv preprint arXiv:2012.03912},
  year={2020}
}

@article{fried2018speaker,
  title={Speaker-follower models for vision-and-language navigation},
  author={Fried, Daniel and Hu, Ronghang and Cirik, Volkan and Rohrbach, Anna and Andreas, Jacob and Morency, Louis-Philippe and Berg-Kirkpatrick, Taylor and Saenko, Kate and Klein, Dan and Darrell, Trevor},
  journal={arXiv preprint arXiv:1806.02724},
  year={2018}
}

@article{misra2017mapping,
  title={Mapping instructions and visual observations to actions with reinforcement learning},
  author={Misra, Dipendra and Langford, John and Artzi, Yoav},
  journal={arXiv preprint arXiv:1704.08795},
  year={2017}
}

@inproceedings{wang2018look,
  title={Look before you leap: Bridging model-free and model-based reinforcement learning for planned-ahead vision-and-language navigation},
  author={Wang, Xin and Xiong, Wenhan and Wang, Hongmin and Wang, William Yang},
  booktitle={Proceedings of the European Conference on Computer Vision (ECCV)},
  pages={37--53},
  year={2018}
}

@article{hochreiter1997long,
  title={Long short-term memory},
  author={Hochreiter, Sepp and Schmidhuber, J{\"u}rgen},
  journal={Neural computation},
  volume={9},
  number={8},
  pages={1735--1780},
  year={1997},
  publisher={MIT Press}
}

@inproceedings{wang2019reinforced,
  title={Reinforced cross-modal matching and self-supervised imitation learning for vision-language navigation},
  author={Wang, Xin and Huang, Qiuyuan and Celikyilmaz, Asli and Gao, Jianfeng and Shen, Dinghan and Wang, Yuan-Fang and Wang, William Yang and Zhang, Lei},
  booktitle={Proceedings of the IEEE/CVF Conference on Computer Vision and Pattern Recognition},
  pages={6629--6638},
  year={2019}
}

@inproceedings{hester2018deep,
  title={Deep q-learning from demonstrations},
  author={Hester, Todd and Vecerik, Matej and Pietquin, Olivier and Lanctot, Marc and Schaul, Tom and Piot, Bilal and Horgan, Dan and Quan, John and Sendonaris, Andrew and Osband, Ian and others},
  booktitle={Proceedings of the AAAI Conference on Artificial Intelligence},
  volume={32},
  number={1},
  year={2018}
}

@article{salimans2018learning,
  title={Learning Montezuma's Revenge from a Single Demonstration},
  author={Salimans, Tim and Chen, Richard},
  journal={arXiv preprint arXiv:1812.03381},
  year={2018}
}

@article{levine2020offline,
  title={Offline reinforcement learning: Tutorial, review, and perspectives on open problems},
  author={Levine, Sergey and Kumar, Aviral and Tucker, George and Fu, Justin},
  journal={arXiv preprint arXiv:2005.01643},
  year={2020}
}

@misc{abbeel2010inverse,
  title={Inverse Reinforcement Learning.},
  author={Abbeel, Pieter and Ng, Andrew Y},
  year={2010}
}

@article{ho2016generative,
  title={Generative adversarial imitation learning},
  author={Ho, Jonathan and Ermon, Stefano},
  journal={arXiv preprint arXiv:1606.03476},
  year={2016}
}

@inproceedings{ross2010efficient,
  title={Efficient reductions for imitation learning},
  author={Ross, St{\'e}phane and Bagnell, Drew},
  booktitle={Proceedings of the thirteenth international conference on artificial intelligence and statistics},
  pages={661--668},
  year={2010},
  organization={JMLR Workshop and Conference Proceedings}
}

@inproceedings{ross2011reduction,
  title={A reduction of imitation learning and structured prediction to no-regret online learning},
  author={Ross, St{\'e}phane and Gordon, Geoffrey and Bagnell, Drew},
  booktitle={Proceedings of the fourteenth international conference on artificial intelligence and statistics},
  pages={627--635},
  year={2011},
  organization={JMLR Workshop and Conference Proceedings}
}

@article{hussein2017imitation,
  title={Imitation learning: A survey of learning methods},
  author={Hussein, Ahmed and Gaber, Mohamed Medhat and Elyan, Eyad and Jayne, Chrisina},
  journal={ACM Computing Surveys (CSUR)},
  volume={50},
  number={2},
  pages={1--35},
  year={2017},
  publisher={ACM New York, NY, USA}
}

@article{corona2020modularity,
  title={Modularity Improves Out-of-Domain Instruction Following},
  author={Corona, Rodolfo and Fried, Daniel and Devin, Coline and Klein, Dan and Darrell, Trevor},
  journal={arXiv preprint arXiv:2010.12764},
  year={2020}
}

@article{devlin2018bert,
  title={Bert: Pre-training of deep bidirectional transformers for language understanding},
  author={Devlin, Jacob and Chang, Ming-Wei and Lee, Kenton and Toutanova, Kristina},
  journal={arXiv preprint arXiv:1810.04805},
  year={2018}
}

@article{ranftl2021vision,
  title={Vision Transformers for Dense Prediction},
  author={Ranftl, Ren{\'e} and Bochkovskiy, Alexey and Koltun, Vladlen},
  journal={arXiv preprint arXiv:2103.13413},
  year={2021}
}

@article{singh2020moca,
  title={MOCA: A Modular Object-Centric Approach for Interactive Instruction Following},
  author={Singh, Kunal Pratap and Bhambri, Suvaansh and Kim, Byeonghwi and Mottaghi, Roozbeh and Choi, Jonghyun},
  journal={arXiv preprint arXiv:2012.03208},
  year={2020}
}

@article{Storks2021AreWT,
  title={Are We There Yet? Learning to Localize in Embodied Instruction Following},
  author={Shane Storks and Qiaozi Gao and Govind Thattai and G. T{\"u}r},
  journal={ArXiv},
  year={2021},
  volume={abs/2101.03431}
}

@article{Saha2021AMV,
  title={A modular vision language navigation and manipulation framework for long horizon compositional tasks in indoor environment},
  author={Homagni Saha and Fateme Fotouhif and Qisai Liu and Soumik Sarkar},
  journal={ArXiv},
  year={2021},
  volume={abs/2101.07891}
}

@inproceedings{Jansen2020VisuallyGroundedPW,
  title={Visually-Grounded Planning without Vision: Language Models Infer Detailed Plans from High-level Instructions},
  author={Peter A. Jansen},
  booktitle={EMNLP},
  year={2020}
}

@article{Shridhar2020ALFWorldAT,
  title={ALFWorld: Aligning Text and Embodied Environments for Interactive Learning},
  author={Mohit Shridhar and Xingdi Yuan and Marc-Alexandre C{\^o}t{\'e} and Yonatan Bisk and Adam Trischler and Matthew J. Hausknecht},
  journal={ArXiv},
  year={2020},
  volume={abs/2010.03768}
}

@misc{wang2020makes,
      title={What Makes Training Multi-Modal Classification Networks Hard?}, 
      author={Weiyao Wang and Du Tran and Matt Feiszli},
      year={2020},
      eprint={1905.12681},
      archivePrefix={arXiv},
      primaryClass={cs.CV}
}

@misc{alet2019modular,
      title={Modular meta-learning}, 
      author={Ferran Alet and Tomás Lozano-Pérez and Leslie P. Kaelbling},
      year={2019},
      eprint={1806.10166},
      archivePrefix={arXiv},
      primaryClass={cs.LG}
}

@misc{nguyen2018multitask,
      title={Multi-task Learning of Hierarchical Vision-Language Representation}, 
      author={Duy-Kien Nguyen and Takayuki Okatani},
      year={2018},
      eprint={1812.00500},
      archivePrefix={arXiv},
      primaryClass={cs.CV}
}

@misc{chang2020alpha,
      title={Alpha Net: Adaptation with Composition in Classifier Space}, 
      author={Nadine Chang and Jayanth Koushik and Michael J. Tarr and Martial Hebert and Yu-Xiong Wang},
      year={2020},
      eprint={2008.07073},
      archivePrefix={arXiv},
      primaryClass={cs.CV}
}

@misc{sohn2020fixmatch,
      title={FixMatch: Simplifying Semi-Supervised Learning with Consistency and Confidence}, 
      author={Kihyuk Sohn and David Berthelot and Chun-Liang Li and Zizhao Zhang and Nicholas Carlini and Ekin D. Cubuk and Alex Kurakin and Han Zhang and Colin Raffel},
      year={2020},
      eprint={2001.07685},
      archivePrefix={arXiv},
      primaryClass={cs.LG}
}

@misc{radford2021learning,
      title={Learning Transferable Visual Models From Natural Language Supervision}, 
      author={Alec Radford and Jong Wook Kim and Chris Hallacy and Aditya Ramesh and Gabriel Goh and Sandhini Agarwal and Girish Sastry and Amanda Askell and Pamela Mishkin and Jack Clark and Gretchen Krueger and Ilya Sutskever},
      year={2021},
      eprint={2103.00020},
      archivePrefix={arXiv},
      primaryClass={cs.CV}
}

@article{LEONETTI2016103,
title = {A synthesis of automated planning and reinforcement learning for efficient, robust decision-making},
journal = {Artificial Intelligence},
volume = {241},
pages = {103-130},
year = {2016},
issn = {0004-3702},
doi = {https://doi.org/10.1016/j.artint.2016.07.004},
url = {https://www.sciencedirect.com/science/article/pii/S0004370216300819},
author = {Matteo Leonetti and Luca Iocchi and Peter Stone}
}

@inproceedings{he2017mask,
  title={Mask r-cnn},
  author={He, Kaiming and Gkioxari, Georgia and Doll{\'a}r, Piotr and Girshick, Ross},
  booktitle={Proceedings of the IEEE international conference on computer vision},
  pages={2961--2969},
  year={2017}
}

@misc{munkhdalai2019metalearned,
      title={Metalearned Neural Memory}, 
      author={Tsendsuren Munkhdalai and Alessandro Sordoni and Tong Wang and Adam Trischler},
      year={2019},
      eprint={1907.09720},
      archivePrefix={arXiv},
      primaryClass={cs.NE}
}

@article{Das2018NeuralMC,
  title={Neural Modular Control for Embodied Question Answering},
  author={Abhishek Das and Georgia Gkioxari and Stefan Lee and D. Parikh and Dhruv Batra},
  journal={ArXiv},
  year={2018},
  volume={abs/1810.11181}
}

@misc{hao2020learning,
      title={Towards Learning a Generic Agent for Vision-and-Language Navigation via Pre-training}, 
      author={Weituo Hao and Chunyuan Li and Xiujun Li and Lawrence Carin and Jianfeng Gao},
      year={2020},
      eprint={2002.10638},
      archivePrefix={arXiv},
      primaryClass={cs.CV}
}

@misc{ma2019selfmonitoring,
      title={Self-Monitoring Navigation Agent via Auxiliary Progress Estimation}, 
      author={Chih-Yao Ma and Jiasen Lu and Zuxuan Wu and Ghassan AlRegib and Zsolt Kira and Richard Socher and Caiming Xiong},
      year={2019},
      eprint={1901.03035},
      archivePrefix={arXiv},
      primaryClass={cs.AI}
}

@misc{majumdar2020improving,
      title={Improving Vision-and-Language Navigation with Image-Text Pairs from the Web}, 
      author={Arjun Majumdar and Ayush Shrivastava and Stefan Lee and Peter Anderson and Devi Parikh and Dhruv Batra},
      year={2020},
      eprint={2004.14973},
      archivePrefix={arXiv},
      primaryClass={cs.CV}
}

@misc{ke2019tactical,
      title={Tactical Rewind: Self-Correction via Backtracking in Vision-and-Language Navigation}, 
      author={Liyiming Ke and Xiujun Li and Yonatan Bisk and Ari Holtzman and Zhe Gan and Jingjing Liu and Jianfeng Gao and Yejin Choi and Siddhartha Srinivasa},
      year={2019},
      eprint={1903.02547},
      archivePrefix={arXiv},
      primaryClass={cs.CL}
}

@inproceedings{Ct2018TextWorldAL,
  title={TextWorld: A Learning Environment for Text-based Games},
  author={Marc-Alexandre C{\^o}t{\'e} and {\'A}kos K{\'a}d{\'a}r and Xingdi Yuan and Ben Kybartas and Tavian Barnes and Emery Fine and J. Moore and Matthew J. Hausknecht and Layla El Asri and Mahmoud Adada and Wendy Tay and Adam Trischler},
  booktitle={CGW@IJCAI},
  year={2018}
}

@misc{Chen2004Grounding,
      title={On the Integration of Grounding Language and Learning Objects}, 
      author={Chen Yu and Dana H. Ballard},
      year={2004},
}

@misc{mei2015listen,
      title={Listen, Attend, and Walk: Neural Mapping of Navigational Instructions to Action Sequences}, 
      author={Hongyuan Mei and Mohit Bansal and Matthew R. Walter},
      year={2015},
      eprint={1506.04089},
      archivePrefix={arXiv},
      primaryClass={cs.CL}
}